<?xml version = "1.0" encoding = "UTF-8"?><record>
  <leader>02582nmm#a2200601#c#4500</leader>
  <controlfield tag="005">20210408224221.0</controlfield>
  <controlfield tag="007">co#|||||||||||</controlfield>
  <controlfield tag="008">070511|2007####gw#####cq##|########ger#c</controlfield>
  <controlfield tag="003">DE-605</controlfield>
  <controlfield tag="001">990157117410206441</controlfield>
  <datafield tag="016" ind1="7" ind2=" ">
    <subfield code="a">1074557691</subfield>
    <subfield code="2">OCoLC</subfield>
  </datafield>
  <datafield tag="024" ind1="3" ind2=" ">
    <subfield code="a">7000000621918</subfield>
  </datafield>
  <datafield tag="028" ind1="5" ind2="2">
    <subfield code="a">62191</subfield>
  </datafield>
  <datafield tag="035" ind1=" " ind2=" ">
    <subfield code="a">(DE-605)HT015090208</subfield>
  </datafield>
  <datafield tag="040" ind1=" " ind2=" ">
    <subfield code="a">467</subfield>
    <subfield code="b">ger</subfield>
    <subfield code="d">61</subfield>
    <subfield code="e">rakwb</subfield>
  </datafield>
  <datafield tag="041" ind1=" " ind2=" ">
    <subfield code="a">ger</subfield>
  </datafield>
  <datafield tag="044" ind1=" " ind2=" ">
    <subfield code="c">XA-DE</subfield>
  </datafield>
  <datafield tag="090" ind1=" " ind2=" ">
    <subfield code="i">c</subfield>
  </datafield>
  <datafield tag="130" ind1="0" ind2=" ">
    <subfield code="a">Faust</subfield>
  </datafield>
  <datafield tag="245" ind1="1" ind2="0">
    <subfield code="a">Peter Stein inszeniert Faust</subfield>
    <subfield code="h">Bildtontr&#228;ger</subfield>
    <subfield code="c">von Johann Wolfgang Goethe. Bruno Ganz ; Christian Nickel ; Robert Hunger-B&#252;hler ; Johann Adam Oest ; Dorothee Hartinger ; Corinna Kirchhoff. Fernsehregie Peter Sch&#246;nhofer (Faust I) ; Thomas Grimm (Faust II)</subfield>
  </datafield>
  <datafield tag="246" ind1="3" ind2=" ">
    <subfield code="a">Faust-Probezeit</subfield>
  </datafield>
  <datafield tag="246" ind1="3" ind2=" ">
    <subfield code="a">Faust I und II</subfield>
  </datafield>
  <datafield tag="246" ind1="1" ind2=" ">
    <subfield code="i">Nebent.</subfield>
    <subfield code="a">Faust I und II</subfield>
  </datafield>
  <datafield tag="250" ind1=" " ind2=" ">
    <subfield code="a">DVD-Fassung</subfield>
  </datafield>
  <datafield tag="264" ind1=" " ind2="1">
    <subfield code="a">Berlin</subfield>
    <subfield code="b">Bel Air Ed. [u.a.]</subfield>
    <subfield code="c">2007</subfield>
  </datafield>
  <datafield tag="300" ind1=" " ind2=" ">
    <subfield code="a">4 DVD-Videos (PAL, L&#228;ndercode 0, ca. 814 min + Extras 90 min)</subfield>
    <subfield code="b">farb., stereo Dolby digital, Bildformat 1,85:1, DVD 9</subfield>
    <subfield code="c">12 cm</subfield>
    <subfield code="e">Booklet (35 S.)</subfield>
  </datafield>
  <datafield tag="340" ind1=" " ind2=" ">
    <subfield code="a">DVD-Video</subfield>
    <subfield code="9">F:652a</subfield>
  </datafield>
  <datafield tag="490" ind1="0" ind2=" ">
    <subfield code="a">&lt;&lt;Die&gt;&gt; Theater-Edition</subfield>
  </datafield>
  <datafield tag="490" ind1="0" ind2=" ">
    <subfield code="a">ZDF-Theaterkanal-Edition</subfield>
  </datafield>
  <datafield tag="500" ind1=" " ind2=" ">
    <subfield code="a">Fernsehadaption der Auff&#252;hrung der EXPO 2000, Hannover und der sp&#228;teren Auff&#252;hrung in Berlin</subfield>
    <subfield code="9">F:501</subfield>
  </datafield>
  <datafield tag="500" ind1=" " ind2=" ">
    <subfield code="a">Orig.: D 2001. - c 2005. - FSK-Freigabe ab 12 Jahren</subfield>
    <subfield code="9">F:511</subfield>
  </datafield>
  <datafield tag="500" ind1=" " ind2=" ">
    <subfield code="a">Enth.: Faust I und II</subfield>
    <subfield code="9">F:517</subfield>
  </datafield>
  <datafield tag="500" ind1=" " ind2=" ">
    <subfield code="a">Extras: Dokumentation &quot;Faust-Probezeit&quot; (90 min)</subfield>
    <subfield code="9">F:517</subfield>
  </datafield>
  <datafield tag="521" ind1="8" ind2=" ">
    <subfield code="a">FSK Freigegeben ab 12 Jahren</subfield>
  </datafield>
  <datafield tag="546" ind1=" " ind2=" ">
    <subfield code="a">Sprache: dt.</subfield>
  </datafield>
  <datafield tag="655" ind1=" " ind2="7">
    <subfield code="a">DVD-Video</subfield>
    <subfield code="0">(DE-588)4585125-6</subfield>
    <subfield code="2">gnd-carrier</subfield>
  </datafield>
  <datafield tag="689" ind1="0" ind2="0">
    <subfield code="a">Goethe, Johann Wolfgang &lt;&lt;von&gt;&gt;</subfield>
    <subfield code="d">1749-1832</subfield>
    <subfield code="t">Faust</subfield>
    <subfield code="D">p</subfield>
    <subfield code="0">(DE-588)4128140-8</subfield>
    <subfield code="B">GND-041281403</subfield>
  </datafield>
  <datafield tag="700" ind1="1" ind2=" ">
    <subfield code="a">Goethe, Johann Wolfgang &lt;&lt;von&gt;&gt;</subfield>
    <subfield code="d">1749-1832</subfield>
    <subfield code="0">(DE-588)118540238</subfield>
    <subfield code="4">oth</subfield>
    <subfield code="B">GND-118540238</subfield>
  </datafield>
  <datafield tag="700" ind1="1" ind2=" ">
    <subfield code="a">Stein, Peter</subfield>
    <subfield code="d">1937-</subfield>
    <subfield code="0">(DE-588)11861729X</subfield>
    <subfield code="4">drt</subfield>
    <subfield code="0">(uri) https://portal.dnb.de/opac.htm?method=simpleSearch&amp;cqlMode=true&amp;query=idn=11861729X</subfield>
    <subfield code="0">(uri) http://viaf.org/viaf/sourceID/DNB|11861729X</subfield>
    <subfield code="B">GND-11861729X</subfield>
  </datafield>
  <datafield tag="700" ind1="1" ind2=" ">
    <subfield code="a">Ganz, Bruno</subfield>
    <subfield code="d">1941-2019</subfield>
    <subfield code="0">(DE-588)122265939</subfield>
    <subfield code="4">act</subfield>
    <subfield code="0">(uri) https://portal.dnb.de/opac.htm?method=simpleSearch&amp;cqlMode=true&amp;query=idn=122265939</subfield>
    <subfield code="0">(uri) http://viaf.org/viaf/sourceID/DNB|122265939</subfield>
    <subfield code="B">GND-122265939</subfield>
  </datafield>
  <datafield tag="700" ind1="1" ind2=" ">
    <subfield code="a">Nickel, Christian</subfield>
    <subfield code="d">1969-</subfield>
    <subfield code="0">(DE-588)124245765</subfield>
    <subfield code="4">act</subfield>
    <subfield code="0">(uri) https://portal.dnb.de/opac.htm?method=simpleSearch&amp;cqlMode=true&amp;query=idn=124245765</subfield>
    <subfield code="0">(uri) http://viaf.org/viaf/sourceID/DNB|124245765</subfield>
    <subfield code="B">GND-124245765</subfield>
  </datafield>
  <datafield tag="700" ind1="1" ind2=" ">
    <subfield code="a">Hunger-B&#252;hler, Robert</subfield>
    <subfield code="d">1953-</subfield>
    <subfield code="0">(DE-588)123282675</subfield>
    <subfield code="4">act</subfield>
    <subfield code="0">(uri) https://portal.dnb.de/opac.htm?method=simpleSearch&amp;cqlMode=true&amp;query=idn=123282675</subfield>
    <subfield code="0">(uri) http://viaf.org/viaf/sourceID/DNB|123282675</subfield>
    <subfield code="B">GND-123282675</subfield>
  </datafield>
  <datafield tag="700" ind1="1" ind2=" ">
    <subfield code="a">Oest, Johann Adam</subfield>
    <subfield code="d">1946-2019</subfield>
    <subfield code="0">(DE-588)141700432</subfield>
    <subfield code="4">act</subfield>
    <subfield code="0">(uri) https://portal.dnb.de/opac.htm?method=simpleSearch&amp;cqlMode=true&amp;query=idn=141700432</subfield>
    <subfield code="0">(uri) http://viaf.org/viaf/sourceID/DNB|141700432</subfield>
    <subfield code="B">GND-141700432</subfield>
  </datafield>
  <datafield tag="700" ind1="1" ind2=" ">
    <subfield code="a">Hartinger, Dorothee</subfield>
    <subfield code="d">1971-</subfield>
    <subfield code="0">(DE-588)122471849</subfield>
    <subfield code="4">act</subfield>
    <subfield code="0">(uri) https://portal.dnb.de/opac.htm?method=simpleSearch&amp;cqlMode=true&amp;query=idn=122471849</subfield>
    <subfield code="0">(uri) http://viaf.org/viaf/sourceID/DNB|122471849</subfield>
    <subfield code="B">GND-122471849</subfield>
  </datafield>
  <datafield tag="700" ind1="1" ind2=" ">
    <subfield code="a">Kirchhoff, Corinna</subfield>
    <subfield code="d">1958-</subfield>
    <subfield code="0">(DE-588)121233332</subfield>
    <subfield code="4">act</subfield>
    <subfield code="0">(uri) https://portal.dnb.de/opac.htm?method=simpleSearch&amp;cqlMode=true&amp;query=idn=121233332</subfield>
    <subfield code="0">(uri) http://viaf.org/viaf/sourceID/DNB|121233332</subfield>
    <subfield code="B">GND-121233332</subfield>
  </datafield>
  <datafield tag="700" ind1="1" ind2=" ">
    <subfield code="a">Sch&#246;nhofer, Peter</subfield>
    <subfield code="d">1961-</subfield>
    <subfield code="0">(DE-588)11434275X</subfield>
    <subfield code="4">drt</subfield>
    <subfield code="0">(uri) https://portal.dnb.de/opac.htm?method=simpleSearch&amp;cqlMode=true&amp;query=idn=11434275X</subfield>
    <subfield code="0">(uri) http://viaf.org/viaf/sourceID/DNB|11434275X</subfield>
    <subfield code="B">GND-11434275X</subfield>
  </datafield>
  <datafield tag="700" ind1="1" ind2=" ">
    <subfield code="a">Grimm, Thomas</subfield>
    <subfield code="d">1942-</subfield>
    <subfield code="0">(DE-588)139570942</subfield>
    <subfield code="4">drt</subfield>
    <subfield code="0">(uri) https://portal.dnb.de/opac.htm?method=simpleSearch&amp;cqlMode=true&amp;query=idn=139570942</subfield>
    <subfield code="0">(uri) http://viaf.org/viaf/sourceID/DNB|139570942</subfield>
    <subfield code="B">GND-139570942</subfield>
  </datafield>
  <datafield tag="964" ind1="0" ind2="s">
    <subfield code="F">030</subfield>
    <subfield code="A">a|1uc||||||37</subfield>
  </datafield>
  <datafield tag="964" ind1="0" ind2="s">
    <subfield code="F">050</subfield>
    <subfield code="A">||||||||d|||||</subfield>
  </datafield>
  <datafield tag="964" ind1="0" ind2="s">
    <subfield code="F">051</subfield>
    <subfield code="A">m||||||2</subfield>
  </datafield>
  <datafield tag="035" ind1=" " ind2=" ">
    <subfield code="a">(OCoLC)1074557691</subfield>
    <subfield code="0">(uri) http://www.worldcat.org/oclc/1074557691</subfield>
  </datafield>
  <datafield tag="035" ind1=" " ind2=" ">
    <subfield code="a">(DE-599)GBV524898820</subfield>
  </datafield>
  <datafield tag="035" ind1=" " ind2=" ">
    <subfield code="a">(DE-601)524898820</subfield>
  </datafield>
  <datafield tag="MBD" ind1=" " ind2=" ">
    <subfield code="M">49HBZ_NETWORK</subfield>
    <subfield code="i">990157117410206441</subfield>
    <subfield code="n">HBZ Network</subfield>
  </datafield>
  <datafield tag="MBD" ind1=" " ind2=" ">
    <subfield code="M">49HBZ_DUE</subfield>
    <subfield code="i">990023542250206443</subfield>
    <subfield code="n">ULB D&#252;sseldorf</subfield>
  </datafield>
  <datafield tag="340" ind1=" " ind2=" ">
    <subfield code="a">DVD-Video</subfield>
    <subfield code="9">F:652a</subfield>
    <subfield code="M">49HBZ_DUE</subfield>
  </datafield>
  <datafield tag="500" ind1=" " ind2=" ">
    <subfield code="a">Fernsehadaption der Auff&#252;hrung der EXPO 2000, Hannover und der sp&#228;teren Auff&#252;hrung in Berlin</subfield>
    <subfield code="9">F:501</subfield>
    <subfield code="M">49HBZ_DUE</subfield>
  </datafield>
  <datafield tag="500" ind1=" " ind2=" ">
    <subfield code="a">Orig.: D 2001. - c 2005. - FSK-Freigabe ab 12 Jahren</subfield>
    <subfield code="9">F:511</subfield>
    <subfield code="M">49HBZ_DUE</subfield>
  </datafield>
  <datafield tag="500" ind1=" " ind2=" ">
    <subfield code="a">Enth.: Faust I und II</subfield>
    <subfield code="9">F:517</subfield>
    <subfield code="M">49HBZ_DUE</subfield>
  </datafield>
  <datafield tag="500" ind1=" " ind2=" ">
    <subfield code="a">Extras: Dokumentation &quot;Faust-Probezeit&quot; (90 min)</subfield>
    <subfield code="9">F:517</subfield>
    <subfield code="M">49HBZ_DUE</subfield>
  </datafield>
  <datafield tag="983" ind1=" " ind2=" ">
    <subfield code="a">gerw36050</subfield>
    <subfield code="9">LOCAL</subfield>
    <subfield code="M">49HBZ_DUE</subfield>
  </datafield>
  <datafield tag="983" ind1=" " ind2=" ">
    <subfield code="a">teav961</subfield>
    <subfield code="9">LOCAL</subfield>
    <subfield code="M">49HBZ_DUE</subfield>
  </datafield>
  <datafield tag="983" ind1=" " ind2=" ">
    <subfield code="a">teav990</subfield>
    <subfield code="9">LOCAL</subfield>
    <subfield code="M">49HBZ_DUE</subfield>
  </datafield>
  <datafield tag="993" ind1=" " ind2=" ">
    <subfield code="a">Literaturverfilmung</subfield>
    <subfield code="9">LOCAL</subfield>
    <subfield code="M">49HBZ_DUE</subfield>
  </datafield>
  <datafield tag="996" ind1=" " ind2=" ">
    <subfield code="p">Berger, Peter</subfield>
    <subfield code="d">1942-</subfield>
    <subfield code="0">(DE-588)118655965</subfield>
    <subfield code="9">LOCAL</subfield>
    <subfield code="M">49HBZ_DUE</subfield>
  </datafield>
  <datafield tag="996" ind1=" " ind2=" ">
    <subfield code="s">Probearbeitsverh&#228;ltnis</subfield>
    <subfield code="0">(DE-588)4175768-3</subfield>
    <subfield code="9">LOCAL</subfield>
    <subfield code="M">49HBZ_DUE</subfield>
  </datafield>
  <datafield tag="996" ind1=" " ind2=" ">
    <subfield code="s">Stein</subfield>
    <subfield code="0">(DE-588)4183014-3</subfield>
    <subfield code="9">LOCAL</subfield>
    <subfield code="M">49HBZ_DUE</subfield>
  </datafield>
  <datafield tag="996" ind1=" " ind2=" ">
    <subfield code="a">Inszenierung</subfield>
    <subfield code="9">LOCAL</subfield>
    <subfield code="M">49HBZ_DUE</subfield>
  </datafield>
  <datafield tag="996" ind1=" " ind2=" ">
    <subfield code="a">Probe</subfield>
    <subfield code="9">LOCAL</subfield>
    <subfield code="M">49HBZ_DUE</subfield>
  </datafield>
  <datafield tag="996" ind1=" " ind2=" ">
    <subfield code="a">Probezeit</subfield>
    <subfield code="9">LOCAL</subfield>
    <subfield code="M">49HBZ_DUE</subfield>
  </datafield>
  <datafield tag="996" ind1=" " ind2=" ">
    <subfield code="a">Zeit</subfield>
    <subfield code="9">LOCAL</subfield>
    <subfield code="M">49HBZ_DUE</subfield>
  </datafield>
  <datafield tag="996" ind1=" " ind2=" ">
    <subfield code="a">faustisch</subfield>
    <subfield code="9">LOCAL</subfield>
    <subfield code="M">49HBZ_DUE</subfield>
  </datafield>
  <datafield tag="996" ind1=" " ind2=" ">
    <subfield code="a">inszenatorisch</subfield>
    <subfield code="9">LOCAL</subfield>
    <subfield code="M">49HBZ_DUE</subfield>
  </datafield>
  <datafield tag="996" ind1=" " ind2=" ">
    <subfield code="s">Literatur</subfield>
    <subfield code="0">(DE-588)4035964-5</subfield>
    <subfield code="9">LOCAL</subfield>
    <subfield code="M">49HBZ_DUE</subfield>
  </datafield>
  <datafield tag="996" ind1=" " ind2=" ">
    <subfield code="s">Verfilmung</subfield>
    <subfield code="0">(DE-588)4062809-7</subfield>
    <subfield code="9">LOCAL</subfield>
    <subfield code="M">49HBZ_DUE</subfield>
  </datafield>
  <datafield tag="MNG" ind1=" " ind2=" ">
    <subfield code="c">System</subfield>
    <subfield code="f">ILS</subfield>
    <subfield code="i">marc21</subfield>
    <subfield code="k">01</subfield>
    <subfield code="e">false</subfield>
    <subfield code="d">2021-07-22 06:12:16 Europe/Berlin</subfield>
    <subfield code="g">015711741-HBZ01</subfield>
    <subfield code="j">60</subfield>
    <subfield code="a">import</subfield>
    <subfield code="b">2021-04-05 21:51:54 Europe/Berlin</subfield>
  </datafield>
  <datafield tag="H52" ind1="8" ind2=" ">
    <subfield code="b">X0001</subfield>
    <subfield code="c">00</subfield>
    <subfield code="h">nc/08058</subfield>
    <subfield code="8">22315608360006443</subfield>
  </datafield>
  <datafield tag="HOL" ind1=" " ind2=" ">
    <subfield code="b">2021-04-01 13:01:59</subfield>
    <subfield code="8">22315608360006443</subfield>
    <subfield code="M">49HBZ_DUE</subfield>
    <subfield code="g">false</subfield>
    <subfield code="a">import</subfield>
  </datafield>
  <datafield tag="ITM" ind1=" " ind2=" ">
    <subfield code="H">22315608360006443</subfield>
    <subfield code="x">00</subfield>
    <subfield code="f">DVD</subfield>
    <subfield code="v">00</subfield>
    <subfield code="p">11</subfield>
    <subfield code="X">System</subfield>
    <subfield code="U">2010-06-25 10:59:00</subfield>
    <subfield code="Y">2021-04-01 13:02:41</subfield>
    <subfield code="h">false</subfield>
    <subfield code="J">4 DVDs i.Sch. + Booklet</subfield>
    <subfield code="P">38/d/n/4</subfield>
    <subfield code="M">49HBZ_DUE</subfield>
    <subfield code="s">1</subfield>
    <subfield code="d">8</subfield>
    <subfield code="V">import</subfield>
    <subfield code="b">120356201</subfield>
    <subfield code="a">23315608350006443</subfield>
    <subfield code="R">Maintenance count: 006</subfield>
    <subfield code="c">nc/08058</subfield>
    <subfield code="S">ZB10-5851</subfield>
    <subfield code="D">20100630</subfield>
    <subfield code="W">2021-04-01 13:01:59</subfield>
    <subfield code="u">X0001</subfield>
    <subfield code="w">X0001</subfield>
  </datafield>
  <datafield tag="GSI" ind1="7" ind2=" ">
    <subfield code="a">139570942</subfield>
    <subfield code="0">http://d-nb.info/gnd/139570942</subfield>
    <subfield code="2">gnd</subfield>
    <subfield code="A">GND</subfield>
    <subfield code="B">GND-139570942</subfield>
    <subfield code="C">024</subfield>
  </datafield>
  <datafield tag="GPN" ind1="1" ind2=" ">
    <subfield code="a">Goethe, Johann Wolfgang</subfield>
    <subfield code="d">1749-1832</subfield>
    <subfield code="9">v:ADB</subfield>
    <subfield code="A">GND</subfield>
    <subfield code="B">GND-118540238</subfield>
    <subfield code="C">400</subfield>
  </datafield>
  <datafield tag="GPN" ind1="1" ind2=" ">
    <subfield code="a">Goethe, Johan Wolfgang &lt;&lt;von&gt;&gt;</subfield>
    <subfield code="d">1749-1832</subfield>
    <subfield code="A">GND</subfield>
    <subfield code="B">GND-118540238</subfield>
    <subfield code="C">400</subfield>
  </datafield>
  <datafield tag="GPN" ind1="1" ind2=" ">
    <subfield code="a">Goethe, Johan Wolphgang</subfield>
    <subfield code="d">1749-1832</subfield>
    <subfield code="A">GND</subfield>
    <subfield code="B">GND-118540238</subfield>
    <subfield code="C">400</subfield>
  </datafield>
  <datafield tag="GPN" ind1="1" ind2=" ">
    <subfield code="a">Goethe, Johan W. &lt;&lt;von&gt;&gt;</subfield>
    <subfield code="d">1749-1832</subfield>
    <subfield code="A">GND</subfield>
    <subfield code="B">GND-118540238</subfield>
    <subfield code="C">400</subfield>
  </datafield>
  <datafield tag="GPN" ind1="1" ind2=" ">
    <subfield code="a">Goethe, Joh. Wolfg. &lt;&lt;v.&gt;&gt;</subfield>
    <subfield code="d">1749-1832</subfield>
    <subfield code="A">GND</subfield>
    <subfield code="B">GND-118540238</subfield>
    <subfield code="C">400</subfield>
  </datafield>
  <datafield tag="GPN" ind1="1" ind2=" ">
    <subfield code="a">Goethe, J. Wolfgang</subfield>
    <subfield code="d">1749-1832</subfield>
    <subfield code="A">GND</subfield>
    <subfield code="B">GND-118540238</subfield>
    <subfield code="C">400</subfield>
  </datafield>
  <datafield tag="GPN" ind1="1" ind2=" ">
    <subfield code="a">Goethe, J. W. &lt;&lt;v.&gt;&gt;</subfield>
    <subfield code="d">1749-1832</subfield>
    <subfield code="A">GND</subfield>
    <subfield code="B">GND-118540238</subfield>
    <subfield code="C">400</subfield>
  </datafield>
  <datafield tag="GPN" ind1="1" ind2=" ">
    <subfield code="a">Goethe, J. W.</subfield>
    <subfield code="d">1749-1832</subfield>
    <subfield code="A">GND</subfield>
    <subfield code="B">GND-118540238</subfield>
    <subfield code="C">400</subfield>
  </datafield>
  <datafield tag="GPN" ind1="1" ind2=" ">
    <subfield code="a">Goethe, Jan Wolfgang</subfield>
    <subfield code="d">1749-1832</subfield>
    <subfield code="A">GND</subfield>
    <subfield code="B">GND-118540238</subfield>
    <subfield code="C">400</subfield>
  </datafield>
  <datafield tag="GPN" ind1="1" ind2=" ">
    <subfield code="a">Goethe, Jean Wolfgang &lt;&lt;von&gt;&gt;</subfield>
    <subfield code="d">1749-1832</subfield>
    <subfield code="A">GND</subfield>
    <subfield code="B">GND-118540238</subfield>
    <subfield code="C">400</subfield>
  </datafield>
  <datafield tag="GPN" ind1="1" ind2=" ">
    <subfield code="a">Goethe, Juan Wolfgang &lt;&lt;von&gt;&gt;</subfield>
    <subfield code="d">1749-1832</subfield>
    <subfield code="A">GND</subfield>
    <subfield code="B">GND-118540238</subfield>
    <subfield code="C">400</subfield>
  </datafield>
  <datafield tag="GPN" ind1="1" ind2=" ">
    <subfield code="a">Goethe, Juan Wolfgang</subfield>
    <subfield code="d">1749-1832</subfield>
    <subfield code="A">GND</subfield>
    <subfield code="B">GND-118540238</subfield>
    <subfield code="C">400</subfield>
  </datafield>
  <datafield tag="GPN" ind1="1" ind2=" ">
    <subfield code="a">Goethe, Juan W.</subfield>
    <subfield code="d">1749-1832</subfield>
    <subfield code="A">GND</subfield>
    <subfield code="B">GND-118540238</subfield>
    <subfield code="C">400</subfield>
  </datafield>
  <datafield tag="GPN" ind1="1" ind2=" ">
    <subfield code="a">Goethe, Jo&#227;o Wolfgang &lt;&lt;von&gt;&gt;</subfield>
    <subfield code="d">1749-1832</subfield>
    <subfield code="A">GND</subfield>
    <subfield code="B">GND-118540238</subfield>
    <subfield code="C">400</subfield>
  </datafield>
  <datafield tag="GPN" ind1="1" ind2=" ">
    <subfield code="a">Goethe, Iohann Wolfgang</subfield>
    <subfield code="d">1749-1832</subfield>
    <subfield code="A">GND</subfield>
    <subfield code="B">GND-118540238</subfield>
    <subfield code="C">400</subfield>
  </datafield>
  <datafield tag="GPN" ind1="1" ind2=" ">
    <subfield code="a">Goethe, Iohan Wolphgang</subfield>
    <subfield code="d">1749-1832</subfield>
    <subfield code="A">GND</subfield>
    <subfield code="B">GND-118540238</subfield>
    <subfield code="C">400</subfield>
  </datafield>
  <datafield tag="GPN" ind1="1" ind2=" ">
    <subfield code="a">Goethe, Ioannes W.</subfield>
    <subfield code="d">1749-1832</subfield>
    <subfield code="A">GND</subfield>
    <subfield code="B">GND-118540238</subfield>
    <subfield code="C">400</subfield>
  </datafield>
  <datafield tag="GPN" ind1="1" ind2=" ">
    <subfield code="a">Goethe, I. W.</subfield>
    <subfield code="d">1749-1832</subfield>
    <subfield code="A">GND</subfield>
    <subfield code="B">GND-118540238</subfield>
    <subfield code="C">400</subfield>
  </datafield>
  <datafield tag="GPN" ind1="1" ind2=" ">
    <subfield code="a">Goethe, Wolfgango</subfield>
    <subfield code="d">1749-1832</subfield>
    <subfield code="A">GND</subfield>
    <subfield code="B">GND-118540238</subfield>
    <subfield code="C">400</subfield>
  </datafield>
  <datafield tag="GPN" ind1="1" ind2=" ">
    <subfield code="a">Goethe, Wolfango</subfield>
    <subfield code="d">1749-1832</subfield>
    <subfield code="A">GND</subfield>
    <subfield code="B">GND-118540238</subfield>
    <subfield code="C">400</subfield>
  </datafield>
  <datafield tag="GPN" ind1="1" ind2=" ">
    <subfield code="a">Goethe, W. &lt;&lt;von&gt;&gt;</subfield>
    <subfield code="d">1749-1832</subfield>
    <subfield code="A">GND</subfield>
    <subfield code="B">GND-118540238</subfield>
    <subfield code="C">400</subfield>
  </datafield>
  <datafield tag="GPN" ind1="1" ind2=" ">
    <subfield code="a">Goethe, Volfgango</subfield>
    <subfield code="d">1749-1832</subfield>
    <subfield code="A">GND</subfield>
    <subfield code="B">GND-118540238</subfield>
    <subfield code="C">400</subfield>
  </datafield>
  <datafield tag="GPN" ind1="1" ind2=" ">
    <subfield code="a">Goethe, Volfango</subfield>
    <subfield code="d">1749-1832</subfield>
    <subfield code="A">GND</subfield>
    <subfield code="B">GND-118540238</subfield>
    <subfield code="C">400</subfield>
  </datafield>
  <datafield tag="GPN" ind1="1" ind2=" ">
    <subfield code="a">Goethe, Giov. L.</subfield>
    <subfield code="d">1749-1832</subfield>
    <subfield code="A">GND</subfield>
    <subfield code="B">GND-118540238</subfield>
    <subfield code="C">400</subfield>
  </datafield>
  <datafield tag="GPN" ind1="1" ind2=" ">
    <subfield code="a">Goethe, G. L.</subfield>
    <subfield code="d">1749-1832</subfield>
    <subfield code="A">GND</subfield>
    <subfield code="B">GND-118540238</subfield>
    <subfield code="C">400</subfield>
  </datafield>
  <datafield tag="GPN" ind1="0" ind2=" ">
    <subfield code="a">Goethe</subfield>
    <subfield code="d">1749-1832</subfield>
    <subfield code="A">GND</subfield>
    <subfield code="B">GND-118540238</subfield>
    <subfield code="C">400</subfield>
  </datafield>
  <datafield tag="GPN" ind1="1" ind2=" ">
    <subfield code="a">Von Goethe, Johann Wolfgang</subfield>
    <subfield code="d">1749-1832</subfield>
    <subfield code="A">GND</subfield>
    <subfield code="B">GND-118540238</subfield>
    <subfield code="C">400</subfield>
  </datafield>
  <datafield tag="GPN" ind1="0" ind2=" ">
    <subfield code="a">Goethius</subfield>
    <subfield code="d">1749-1832</subfield>
    <subfield code="A">GND</subfield>
    <subfield code="B">GND-118540238</subfield>
    <subfield code="C">400</subfield>
  </datafield>
  <datafield tag="GPN" ind1="1" ind2=" ">
    <subfield code="a">G&#246;the, Johann Wolfgang &lt;&lt;von&gt;&gt;</subfield>
    <subfield code="d">1749-1832</subfield>
    <subfield code="4">navo</subfield>
    <subfield code="4">https://d-nb.info/standards/elementset/gnd#FullerFormOfNameOfThePerson</subfield>
    <subfield code="w">r</subfield>
    <subfield code="i">Vollstaendiger Name</subfield>
    <subfield code="e">Vollstaendiger Name</subfield>
    <subfield code="A">GND</subfield>
    <subfield code="B">GND-118540238</subfield>
    <subfield code="C">400</subfield>
  </datafield>
  <datafield tag="GPN" ind1="1" ind2=" ">
    <subfield code="a">G&#246;the, Johann W. &#234;von&#235;</subfield>
    <subfield code="d">1749-1832</subfield>
    <subfield code="A">GND</subfield>
    <subfield code="B">GND-118540238</subfield>
    <subfield code="C">400</subfield>
  </datafield>
  <datafield tag="GPN" ind1="1" ind2=" ">
    <subfield code="a">G&#246;the, Jan Wolfgang</subfield>
    <subfield code="d">1749-1832</subfield>
    <subfield code="A">GND</subfield>
    <subfield code="B">GND-118540238</subfield>
    <subfield code="C">400</subfield>
  </datafield>
  <datafield tag="GPN" ind1="1" ind2=" ">
    <subfield code="a">G&#246;the, Jan Wolfang</subfield>
    <subfield code="d">1749-1832</subfield>
    <subfield code="A">GND</subfield>
    <subfield code="B">GND-118540238</subfield>
    <subfield code="C">400</subfield>
  </datafield>
  <datafield tag="GPN" ind1="1" ind2=" ">
    <subfield code="a">G&#246;the, J. W. &lt;&lt;von&gt;&gt;</subfield>
    <subfield code="d">1749-1832</subfield>
    <subfield code="A">GND</subfield>
    <subfield code="B">GND-118540238</subfield>
    <subfield code="C">400</subfield>
  </datafield>
  <datafield tag="GPN" ind1="1" ind2=" ">
    <subfield code="a">G&#246;the, Giov. Volfango</subfield>
    <subfield code="d">1749-1832</subfield>
    <subfield code="A">GND</subfield>
    <subfield code="B">GND-118540238</subfield>
    <subfield code="C">400</subfield>
  </datafield>
  <datafield tag="GPN" ind1="0" ind2=" ">
    <subfield code="a">G&#246;the</subfield>
    <subfield code="d">1749-1832</subfield>
    <subfield code="A">GND</subfield>
    <subfield code="B">GND-118540238</subfield>
    <subfield code="C">400</subfield>
  </datafield>
  <datafield tag="GPN" ind1="1" ind2=" ">
    <subfield code="a">G&#246;te, Iogann V.</subfield>
    <subfield code="d">1749-1832</subfield>
    <subfield code="A">GND</subfield>
    <subfield code="B">GND-118540238</subfield>
    <subfield code="C">400</subfield>
  </datafield>
  <datafield tag="GPN" ind1="0" ind2=" ">
    <subfield code="a">G&#246;te</subfield>
    <subfield code="d">1749-1832</subfield>
    <subfield code="A">GND</subfield>
    <subfield code="B">GND-118540238</subfield>
    <subfield code="C">400</subfield>
  </datafield>
  <datafield tag="GPN" ind1="1" ind2=" ">
    <subfield code="a">Goete, Iohan V. &lt;&lt;p&apos;on&gt;&gt;</subfield>
    <subfield code="d">1749-1832</subfield>
    <subfield code="A">GND</subfield>
    <subfield code="B">GND-118540238</subfield>
    <subfield code="C">400</subfield>
  </datafield>
  <datafield tag="GPN" ind1="1" ind2=" ">
    <subfield code="a">Goet&apos;e, Iohan Volp&apos;gang</subfield>
    <subfield code="d">1749-1832</subfield>
    <subfield code="A">GND</subfield>
    <subfield code="B">GND-118540238</subfield>
    <subfield code="C">400</subfield>
  </datafield>
  <datafield tag="GPN" ind1="0" ind2=" ">
    <subfield code="a">Goet&apos;e</subfield>
    <subfield code="d">1749-1832</subfield>
    <subfield code="A">GND</subfield>
    <subfield code="B">GND-118540238</subfield>
    <subfield code="C">400</subfield>
  </datafield>
  <datafield tag="GPN" ind1="0" ind2=" ">
    <subfield code="a">Goe te</subfield>
    <subfield code="d">1749-1832</subfield>
    <subfield code="A">GND</subfield>
    <subfield code="B">GND-118540238</subfield>
    <subfield code="C">400</subfield>
  </datafield>
  <datafield tag="GPN" ind1="0" ind2=" ">
    <subfield code="a">G&#234;&#244;t&apos;&#234;</subfield>
    <subfield code="d">1749-1832</subfield>
    <subfield code="A">GND</subfield>
    <subfield code="B">GND-118540238</subfield>
    <subfield code="C">400</subfield>
  </datafield>
  <datafield tag="GPN" ind1="1" ind2=" ">
    <subfield code="a">G&apos;ote, Jochan Volfgang</subfield>
    <subfield code="d">1749-1832</subfield>
    <subfield code="A">GND</subfield>
    <subfield code="B">GND-118540238</subfield>
    <subfield code="C">400</subfield>
  </datafield>
  <datafield tag="GPN" ind1="1" ind2=" ">
    <subfield code="a">Gete, Yohan Volfgang</subfield>
    <subfield code="d">1749-1832</subfield>
    <subfield code="A">GND</subfield>
    <subfield code="B">GND-118540238</subfield>
    <subfield code="C">400</subfield>
  </datafield>
  <datafield tag="GPN" ind1="1" ind2=" ">
    <subfield code="a">G&apos;ote, V. &lt;&lt;f.&gt;&gt;</subfield>
    <subfield code="d">1749-1832</subfield>
    <subfield code="A">GND</subfield>
    <subfield code="B">GND-118540238</subfield>
    <subfield code="C">400</subfield>
  </datafield>
  <datafield tag="GPN" ind1="0" ind2=" ">
    <subfield code="a">G&apos;ote</subfield>
    <subfield code="d">1749-1832</subfield>
    <subfield code="A">GND</subfield>
    <subfield code="B">GND-118540238</subfield>
    <subfield code="C">400</subfield>
  </datafield>
  <datafield tag="GPN" ind1="1" ind2=" ">
    <subfield code="a">G&#243;t, J. V.</subfield>
    <subfield code="d">1749-1832</subfield>
    <subfield code="A">GND</subfield>
    <subfield code="B">GND-118540238</subfield>
    <subfield code="C">400</subfield>
  </datafield>
  <datafield tag="GPN" ind1="0" ind2=" ">
    <subfield code="a">G&#243;t</subfield>
    <subfield code="d">1749-1832</subfield>
    <subfield code="A">GND</subfield>
    <subfield code="B">GND-118540238</subfield>
    <subfield code="C">400</subfield>
  </datafield>
  <datafield tag="GPN" ind1="1" ind2=" ">
    <subfield code="a">Go&apos;t, I. V.</subfield>
    <subfield code="d">1749-1832</subfield>
    <subfield code="A">GND</subfield>
    <subfield code="B">GND-118540238</subfield>
    <subfield code="C">400</subfield>
  </datafield>
  <datafield tag="GPN" ind1="0" ind2=" ">
    <subfield code="a">Goithios</subfield>
    <subfield code="d">1749-1832</subfield>
    <subfield code="A">GND</subfield>
    <subfield code="B">GND-118540238</subfield>
    <subfield code="C">400</subfield>
  </datafield>
  <datafield tag="GPN" ind1="0" ind2=" ">
    <subfield code="a">Gotenin</subfield>
    <subfield code="d">1749-1832</subfield>
    <subfield code="A">GND</subfield>
    <subfield code="B">GND-118540238</subfield>
    <subfield code="C">400</subfield>
  </datafield>
  <datafield tag="GPN" ind1="0" ind2=" ">
    <subfield code="a">Gejteh</subfield>
    <subfield code="d">1749-1832</subfield>
    <subfield code="A">GND</subfield>
    <subfield code="B">GND-118540238</subfield>
    <subfield code="C">400</subfield>
  </datafield>
  <datafield tag="GPN" ind1="1" ind2=" ">
    <subfield code="a">Gete, J&#333;han Wolfgang &lt;&lt;fon&gt;&gt;</subfield>
    <subfield code="d">1749-1832</subfield>
    <subfield code="A">GND</subfield>
    <subfield code="B">GND-118540238</subfield>
    <subfield code="C">400</subfield>
  </datafield>
  <datafield tag="GPN" ind1="1" ind2=" ">
    <subfield code="a">Gete, Johann Vol&#697;fgang</subfield>
    <subfield code="d">1749-1832</subfield>
    <subfield code="A">GND</subfield>
    <subfield code="B">GND-118540238</subfield>
    <subfield code="C">400</subfield>
  </datafield>
  <datafield tag="GPN" ind1="1" ind2=" ">
    <subfield code="a">G&#233;te, Johans Volfgangs</subfield>
    <subfield code="d">1749-1832</subfield>
    <subfield code="A">GND</subfield>
    <subfield code="B">GND-118540238</subfield>
    <subfield code="C">400</subfield>
  </datafield>
  <datafield tag="GPN" ind1="1" ind2=" ">
    <subfield code="a">G&#279;t&#279;, Johanas Volfgangas</subfield>
    <subfield code="d">1749-1832</subfield>
    <subfield code="A">GND</subfield>
    <subfield code="B">GND-118540238</subfield>
    <subfield code="C">400</subfield>
  </datafield>
  <datafield tag="GPN" ind1="1" ind2=" ">
    <subfield code="a">Gete, Jochan Volfgang</subfield>
    <subfield code="d">1749-1832</subfield>
    <subfield code="A">GND</subfield>
    <subfield code="B">GND-118540238</subfield>
    <subfield code="C">400</subfield>
  </datafield>
  <datafield tag="GPN" ind1="1" ind2=" ">
    <subfield code="a">Gete, Jogann Vol&apos;fgang &lt;&lt;fon&gt;&gt;</subfield>
    <subfield code="d">1749-1832</subfield>
    <subfield code="A">GND</subfield>
    <subfield code="B">GND-118540238</subfield>
    <subfield code="C">400</subfield>
  </datafield>
  <datafield tag="GPN" ind1="1" ind2=" ">
    <subfield code="a">Gete, Jogann Vol&apos;fgang &#234;fon&#235;</subfield>
    <subfield code="d">1749-1832</subfield>
    <subfield code="A">GND</subfield>
    <subfield code="B">GND-118540238</subfield>
    <subfield code="C">400</subfield>
  </datafield>
  <datafield tag="GPN" ind1="1" ind2=" ">
    <subfield code="a">Gete, Jogann-Vol&apos;fgang</subfield>
    <subfield code="d">1749-1832</subfield>
    <subfield code="A">GND</subfield>
    <subfield code="B">GND-118540238</subfield>
    <subfield code="C">400</subfield>
  </datafield>
  <datafield tag="GPN" ind1="1" ind2=" ">
    <subfield code="a">Gete, J. V.</subfield>
    <subfield code="d">1749-1832</subfield>
    <subfield code="A">GND</subfield>
    <subfield code="B">GND-118540238</subfield>
    <subfield code="C">400</subfield>
  </datafield>
  <datafield tag="GPN" ind1="1" ind2=" ">
    <subfield code="a">Gete, J.-V.</subfield>
    <subfield code="d">1749-1832</subfield>
    <subfield code="A">GND</subfield>
    <subfield code="B">GND-118540238</subfield>
    <subfield code="C">400</subfield>
  </datafield>
  <datafield tag="GPN" ind1="1" ind2=" ">
    <subfield code="a">Gete, Iogann W.</subfield>
    <subfield code="d">1749-1832</subfield>
    <subfield code="A">GND</subfield>
    <subfield code="B">GND-118540238</subfield>
    <subfield code="C">400</subfield>
  </datafield>
  <datafield tag="GPN" ind1="1" ind2=" ">
    <subfield code="a">Gete, I. W.</subfield>
    <subfield code="d">1749-1832</subfield>
    <subfield code="A">GND</subfield>
    <subfield code="B">GND-118540238</subfield>
    <subfield code="C">400</subfield>
  </datafield>
  <datafield tag="GPN" ind1="1" ind2=" ">
    <subfield code="a">Gete, Iohan Volfgang</subfield>
    <subfield code="d">1749-1832</subfield>
    <subfield code="A">GND</subfield>
    <subfield code="B">GND-118540238</subfield>
    <subfield code="C">400</subfield>
  </datafield>
  <datafield tag="GPN" ind1="1" ind2=" ">
    <subfield code="a">G&#235;te, Iogann Vol&apos;fgang</subfield>
    <subfield code="d">1749-1832</subfield>
    <subfield code="A">GND</subfield>
    <subfield code="B">GND-118540238</subfield>
    <subfield code="C">400</subfield>
  </datafield>
  <datafield tag="GPN" ind1="1" ind2=" ">
    <subfield code="a">G&#235;te, Johann Volfgang</subfield>
    <subfield code="d">1749-1832</subfield>
    <subfield code="A">GND</subfield>
    <subfield code="B">GND-118540238</subfield>
    <subfield code="C">400</subfield>
  </datafield>
  <datafield tag="GPN" ind1="1" ind2=" ">
    <subfield code="a">G&#235;te, Iogann Vol&apos;fgang</subfield>
    <subfield code="d">1749-1832</subfield>
    <subfield code="A">GND</subfield>
    <subfield code="B">GND-118540238</subfield>
    <subfield code="C">400</subfield>
  </datafield>
  <datafield tag="GPN" ind1="1" ind2=" ">
    <subfield code="a">Gete, I. V.</subfield>
    <subfield code="d">1749-1832</subfield>
    <subfield code="A">GND</subfield>
    <subfield code="B">GND-118540238</subfield>
    <subfield code="C">400</subfield>
  </datafield>
  <datafield tag="GPN" ind1="1" ind2=" ">
    <subfield code="a">Gete, I.-V.</subfield>
    <subfield code="d">1749-1832</subfield>
    <subfield code="A">GND</subfield>
    <subfield code="B">GND-118540238</subfield>
    <subfield code="C">400</subfield>
  </datafield>
  <datafield tag="GPN" ind1="1" ind2=" ">
    <subfield code="a">Gete, Yohan Wolfgang</subfield>
    <subfield code="d">1749-1832</subfield>
    <subfield code="A">GND</subfield>
    <subfield code="B">GND-118540238</subfield>
    <subfield code="C">400</subfield>
  </datafield>
  <datafield tag="GPN" ind1="1" ind2=" ">
    <subfield code="a">Gete, Y&#244;h&#226;n W&#244;lfgang &lt;&lt;f&#244;n&gt;&gt;</subfield>
    <subfield code="d">1749-1832</subfield>
    <subfield code="A">GND</subfield>
    <subfield code="B">GND-118540238</subfield>
    <subfield code="C">400</subfield>
  </datafield>
  <datafield tag="GPN" ind1="1" ind2=" ">
    <subfield code="a">G&#234;te, Y&#244;han Wolfgang</subfield>
    <subfield code="d">1749-1832</subfield>
    <subfield code="A">GND</subfield>
    <subfield code="B">GND-118540238</subfield>
    <subfield code="C">400</subfield>
  </datafield>
  <datafield tag="GPN" ind1="1" ind2=" ">
    <subfield code="a">Gete, Yohann Volfqanq</subfield>
    <subfield code="d">1749-1832</subfield>
    <subfield code="A">GND</subfield>
    <subfield code="B">GND-118540238</subfield>
    <subfield code="C">400</subfield>
  </datafield>
  <datafield tag="GPN" ind1="1" ind2=" ">
    <subfield code="a">Gete, Yogann Vol&#697;fgang</subfield>
    <subfield code="d">1749-1832</subfield>
    <subfield code="A">GND</subfield>
    <subfield code="B">GND-118540238</subfield>
    <subfield code="C">400</subfield>
  </datafield>
  <datafield tag="GPN" ind1="1" ind2=" ">
    <subfield code="a">Gete, Y. W.</subfield>
    <subfield code="d">1749-1832</subfield>
    <subfield code="A">GND</subfield>
    <subfield code="B">GND-118540238</subfield>
    <subfield code="C">400</subfield>
  </datafield>
  <datafield tag="GPN" ind1="1" ind2=" ">
    <subfield code="a">G&#234;t&#234;, Y. W.</subfield>
    <subfield code="d">1749-1832</subfield>
    <subfield code="A">GND</subfield>
    <subfield code="B">GND-118540238</subfield>
    <subfield code="C">400</subfield>
  </datafield>
  <datafield tag="GPN" ind1="1" ind2=" ">
    <subfield code="a">Gete, Vol&#697;fgang</subfield>
    <subfield code="d">1749-1832</subfield>
    <subfield code="A">GND</subfield>
    <subfield code="B">GND-118540238</subfield>
    <subfield code="C">400</subfield>
  </datafield>
  <datafield tag="GPN" ind1="1" ind2=" ">
    <subfield code="a">Gete, V.</subfield>
    <subfield code="d">1749-1832</subfield>
    <subfield code="A">GND</subfield>
    <subfield code="B">GND-118540238</subfield>
    <subfield code="C">400</subfield>
  </datafield>
  <datafield tag="GPN" ind1="1" ind2=" ">
    <subfield code="a">Gete, Egan Vol&apos;fgang</subfield>
    <subfield code="d">1749-1832</subfield>
    <subfield code="A">GND</subfield>
    <subfield code="B">GND-118540238</subfield>
    <subfield code="C">400</subfield>
  </datafield>
  <datafield tag="GPN" ind1="0" ind2=" ">
    <subfield code="a">Gete</subfield>
    <subfield code="d">1749-1832</subfield>
    <subfield code="A">GND</subfield>
    <subfield code="B">GND-118540238</subfield>
    <subfield code="C">400</subfield>
  </datafield>
  <datafield tag="GPN" ind1="0" ind2=" ">
    <subfield code="a">G&#275;te</subfield>
    <subfield code="d">1749-1832</subfield>
    <subfield code="A">GND</subfield>
    <subfield code="B">GND-118540238</subfield>
    <subfield code="C">400</subfield>
  </datafield>
  <datafield tag="GPN" ind1="0" ind2=" ">
    <subfield code="a">G&#283;&apos;&#7789;e</subfield>
    <subfield code="d">1749-1832</subfield>
    <subfield code="A">GND</subfield>
    <subfield code="B">GND-118540238</subfield>
    <subfield code="C">400</subfield>
  </datafield>
  <datafield tag="GPN" ind1="1" ind2=" ">
    <subfield code="a">Gette, G.</subfield>
    <subfield code="d">1749-1832</subfield>
    <subfield code="A">GND</subfield>
    <subfield code="B">GND-118540238</subfield>
    <subfield code="C">400</subfield>
  </datafield>
  <datafield tag="GPN" ind1="1" ind2=" ">
    <subfield code="a">Gede, Yuehan Wofugang</subfield>
    <subfield code="d">1749-1832</subfield>
    <subfield code="A">GND</subfield>
    <subfield code="B">GND-118540238</subfield>
    <subfield code="C">400</subfield>
  </datafield>
  <datafield tag="GPN" ind1="0" ind2=" ">
    <subfield code="a">Gede</subfield>
    <subfield code="d">1749-1832</subfield>
    <subfield code="A">GND</subfield>
    <subfield code="B">GND-118540238</subfield>
    <subfield code="C">400</subfield>
  </datafield>
  <datafield tag="GPN" ind1="0" ind2=" ">
    <subfield code="a">Ge de</subfield>
    <subfield code="d">1749-1832</subfield>
    <subfield code="A">GND</subfield>
    <subfield code="B">GND-118540238</subfield>
    <subfield code="C">400</subfield>
  </datafield>
  <datafield tag="GPN" ind1="1" ind2=" ">
    <subfield code="a">Geteh, Yohan &#7806;olfgang &lt;&lt;fon&gt;&gt;</subfield>
    <subfield code="d">1749-1832</subfield>
    <subfield code="A">GND</subfield>
    <subfield code="B">GND-118540238</subfield>
    <subfield code="C">400</subfield>
  </datafield>
  <datafield tag="GPN" ind1="1" ind2=" ">
    <subfield code="a">G&#363;ta, Y&#363;h&#257;n Wulfg&#257;ng &lt;&lt;fun&gt;&gt;</subfield>
    <subfield code="d">1749-1832</subfield>
    <subfield code="A">GND</subfield>
    <subfield code="B">GND-118540238</subfield>
    <subfield code="C">400</subfield>
  </datafield>
  <datafield tag="GPN" ind1="1" ind2=" ">
    <subfield code="a">G&#363;ta, Y&#363;h&#257;n Wulfg&#257;ng &lt;&lt;f&#363;n&gt;&gt;</subfield>
    <subfield code="d">1749-1832</subfield>
    <subfield code="A">GND</subfield>
    <subfield code="B">GND-118540238</subfield>
    <subfield code="C">400</subfield>
  </datafield>
  <datafield tag="GPN" ind1="1" ind2=" ">
    <subfield code="a">&#486;&#363;ta, Y&#363;h&#257;n Wulf&#487;&#257;n&#487; &lt;&lt;f&#363;n&gt;&gt;</subfield>
    <subfield code="d">1749-1832</subfield>
    <subfield code="A">GND</subfield>
    <subfield code="B">GND-118540238</subfield>
    <subfield code="C">400</subfield>
  </datafield>
  <datafield tag="GPN" ind1="0" ind2=" ">
    <subfield code="a">G&#363;ta</subfield>
    <subfield code="d">1749-1832</subfield>
    <subfield code="A">GND</subfield>
    <subfield code="B">GND-118540238</subfield>
    <subfield code="C">400</subfield>
  </datafield>
  <datafield tag="GPN" ind1="0" ind2=" ">
    <subfield code="a">&#486;&#299;ta</subfield>
    <subfield code="d">1749-1832</subfield>
    <subfield code="A">GND</subfield>
    <subfield code="B">GND-118540238</subfield>
    <subfield code="C">400</subfield>
  </datafield>
  <datafield tag="GPN" ind1="0" ind2=" ">
    <subfield code="a">&#486;&#299;t&#257;</subfield>
    <subfield code="d">1749-1832</subfield>
    <subfield code="A">GND</subfield>
    <subfield code="B">GND-118540238</subfield>
    <subfield code="C">400</subfield>
  </datafield>
  <datafield tag="GPN" ind1="0" ind2=" ">
    <subfield code="a">&#486;&#299;tah</subfield>
    <subfield code="d">1749-1832</subfield>
    <subfield code="A">GND</subfield>
    <subfield code="B">GND-118540238</subfield>
    <subfield code="C">400</subfield>
  </datafield>
  <datafield tag="GPN" ind1="0" ind2=" ">
    <subfield code="a">&#486;&#299;tih</subfield>
    <subfield code="d">1749-1832</subfield>
    <subfield code="A">GND</subfield>
    <subfield code="B">GND-118540238</subfield>
    <subfield code="C">400</subfield>
  </datafield>
  <datafield tag="GPN" ind1="1" ind2=" ">
    <subfield code="a">Giote, Johan Wolphgang</subfield>
    <subfield code="d">1749-1832</subfield>
    <subfield code="A">GND</subfield>
    <subfield code="B">GND-118540238</subfield>
    <subfield code="C">400</subfield>
  </datafield>
  <datafield tag="GPN" ind1="1" ind2=" ">
    <subfield code="a">Giote, J. W.</subfield>
    <subfield code="d">1749-1832</subfield>
    <subfield code="A">GND</subfield>
    <subfield code="B">GND-118540238</subfield>
    <subfield code="C">400</subfield>
  </datafield>
  <datafield tag="GPN" ind1="1" ind2=" ">
    <subfield code="a">G&#464;ote, Jochan Volfgang</subfield>
    <subfield code="d">1749-1832</subfield>
    <subfield code="A">GND</subfield>
    <subfield code="B">GND-118540238</subfield>
    <subfield code="C">400</subfield>
  </datafield>
  <datafield tag="GPN" ind1="1" ind2=" ">
    <subfield code="a">Giote, J. V.</subfield>
    <subfield code="d">1749-1832</subfield>
    <subfield code="A">GND</subfield>
    <subfield code="B">GND-118540238</subfield>
    <subfield code="C">400</subfield>
  </datafield>
  <datafield tag="GPN" ind1="1" ind2=" ">
    <subfield code="a">&#288;&#363;ta, Y&#363;h&#257;n F&#363;lf&#289;&#257;n&#7713;</subfield>
    <subfield code="d">1749-1832</subfield>
    <subfield code="A">GND</subfield>
    <subfield code="B">GND-118540238</subfield>
    <subfield code="C">400</subfield>
  </datafield>
  <datafield tag="GPN" ind1="1" ind2=" ">
    <subfield code="a">&#288;&#363;tah, Y&#363;h&#257;n F&#363;lf&#289;&#257;n&#7713;</subfield>
    <subfield code="d">1749-1832</subfield>
    <subfield code="A">GND</subfield>
    <subfield code="B">GND-118540238</subfield>
    <subfield code="C">400</subfield>
  </datafield>
  <datafield tag="GPN" ind1="1" ind2=" ">
    <subfield code="a">&#288;&#363;tih, Y&#363;h&#257;n V&#363;lf&#289;an&#289; &lt;&lt;f&#363;n&gt;&gt;</subfield>
    <subfield code="d">1749-1832</subfield>
    <subfield code="A">GND</subfield>
    <subfield code="B">GND-118540238</subfield>
    <subfield code="C">400</subfield>
  </datafield>
  <datafield tag="GPN" ind1="1" ind2=" ">
    <subfield code="a">&#288;&#363;tih, Y&#363;h&#257;n F&#363;lf&#289;&#257;n&#7713;</subfield>
    <subfield code="d">1749-1832</subfield>
    <subfield code="A">GND</subfield>
    <subfield code="B">GND-118540238</subfield>
    <subfield code="C">400</subfield>
  </datafield>
  <datafield tag="GPN" ind1="1" ind2=" ">
    <subfield code="a">Goyt&#228;, Yohan Welfgang &lt;&lt;fon&gt;&gt;</subfield>
    <subfield code="d">1749-1832</subfield>
    <subfield code="A">GND</subfield>
    <subfield code="B">GND-118540238</subfield>
    <subfield code="C">400</subfield>
  </datafield>
  <datafield tag="GPN" ind1="1" ind2=" ">
    <subfield code="a">Gyote, Joh&#257;n Bholphg&#227;&#257;</subfield>
    <subfield code="d">1749-1832</subfield>
    <subfield code="A">GND</subfield>
    <subfield code="B">GND-118540238</subfield>
    <subfield code="C">400</subfield>
  </datafield>
  <datafield tag="GPN" ind1="1" ind2=" ">
    <subfield code="a">Gyot&apos;e, Yohan Wolfgang</subfield>
    <subfield code="d">1749-1832</subfield>
    <subfield code="A">GND</subfield>
    <subfield code="B">GND-118540238</subfield>
    <subfield code="C">400</subfield>
  </datafield>
  <datafield tag="GPN" ind1="1" ind2=" ">
    <subfield code="a">Gyot&apos;e, Yohan Volfgang</subfield>
    <subfield code="d">1749-1832</subfield>
    <subfield code="A">GND</subfield>
    <subfield code="B">GND-118540238</subfield>
    <subfield code="C">400</subfield>
  </datafield>
  <datafield tag="GPN" ind1="1" ind2=" ">
    <subfield code="a">G&#346;utih, Y&#346;uh&#346;an V&#346;ulf&#183;gan&#183;g f&#346;un</subfield>
    <subfield code="d">1749-1832</subfield>
    <subfield code="A">GND</subfield>
    <subfield code="B">GND-118540238</subfield>
    <subfield code="C">400</subfield>
  </datafield>
  <datafield tag="GPN" ind1="1" ind2=" ">
    <subfield code="a">Gkaite, Giochan Bolphnkannk &lt;&lt;phon&gt;&gt;</subfield>
    <subfield code="d">1749-1832</subfield>
    <subfield code="A">GND</subfield>
    <subfield code="B">GND-118540238</subfield>
    <subfield code="C">400</subfield>
  </datafield>
  <datafield tag="GPN" ind1="1" ind2=" ">
    <subfield code="a">Gkaite, Giochan Bolphnkannk &#234;phon&#235;</subfield>
    <subfield code="d">1749-1832</subfield>
    <subfield code="A">GND</subfield>
    <subfield code="B">GND-118540238</subfield>
    <subfield code="C">400</subfield>
  </datafield>
  <datafield tag="GPN" ind1="1" ind2=" ">
    <subfield code="a">Gkaite, Giochan B. &lt;&lt;phon&gt;&gt;</subfield>
    <subfield code="d">1749-1832</subfield>
    <subfield code="A">GND</subfield>
    <subfield code="B">GND-118540238</subfield>
    <subfield code="C">400</subfield>
  </datafield>
  <datafield tag="GPN" ind1="1" ind2=" ">
    <subfield code="a">Gkaite, I&#333;ann Mpolphgang</subfield>
    <subfield code="d">1749-1832</subfield>
    <subfield code="A">GND</subfield>
    <subfield code="B">GND-118540238</subfield>
    <subfield code="C">400</subfield>
  </datafield>
  <datafield tag="GPN" ind1="0" ind2=" ">
    <subfield code="a">Gkaite</subfield>
    <subfield code="d">1749-1832</subfield>
    <subfield code="A">GND</subfield>
    <subfield code="B">GND-118540238</subfield>
    <subfield code="C">400</subfield>
  </datafield>
  <datafield tag="GPN" ind1="1" ind2=" ">
    <subfield code="a">Koet&apos;e, Yohan Polp&apos;&#365;gang &lt;&lt;p&apos;on&gt;&gt;</subfield>
    <subfield code="d">1749-1832</subfield>
    <subfield code="A">GND</subfield>
    <subfield code="B">GND-118540238</subfield>
    <subfield code="C">400</subfield>
  </datafield>
  <datafield tag="GPN" ind1="0" ind2=" ">
    <subfield code="a">Koet&apos;e</subfield>
    <subfield code="d">1749-1832</subfield>
    <subfield code="A">GND</subfield>
    <subfield code="B">GND-118540238</subfield>
    <subfield code="C">400</subfield>
  </datafield>
  <datafield tag="GPN" ind1="1" ind2=" ">
    <subfield code="a">K&#234;&#244;t&apos;&#234;, Volfkank</subfield>
    <subfield code="d">1749-1832</subfield>
    <subfield code="A">GND</subfield>
    <subfield code="B">GND-118540238</subfield>
    <subfield code="C">400</subfield>
  </datafield>
  <datafield tag="GPN" ind1="0" ind2=" ">
    <subfield code="a">K&#275;&#333;th&#275;</subfield>
    <subfield code="d">1749-1832</subfield>
    <subfield code="A">GND</subfield>
    <subfield code="B">GND-118540238</subfield>
    <subfield code="C">400</subfield>
  </datafield>
  <datafield tag="GPN" ind1="1" ind2=" ">
    <subfield code="a">Kote, Johann Volfgang</subfield>
    <subfield code="d">1749-1832</subfield>
    <subfield code="A">GND</subfield>
    <subfield code="B">GND-118540238</subfield>
    <subfield code="C">400</subfield>
  </datafield>
  <datafield tag="GPN" ind1="1" ind2=" ">
    <subfield code="a">Kote, Jochann Volfgang</subfield>
    <subfield code="d">1749-1832</subfield>
    <subfield code="A">GND</subfield>
    <subfield code="B">GND-118540238</subfield>
    <subfield code="C">400</subfield>
  </datafield>
  <datafield tag="GPN" ind1="1" ind2=" ">
    <subfield code="a">Kote, J. V.</subfield>
    <subfield code="d">1749-1832</subfield>
    <subfield code="A">GND</subfield>
    <subfield code="B">GND-118540238</subfield>
    <subfield code="C">400</subfield>
  </datafield>
  <datafield tag="GPN" ind1="1" ind2=" ">
    <subfield code="a">Kote, V.</subfield>
    <subfield code="d">1749-1832</subfield>
    <subfield code="A">GND</subfield>
    <subfield code="B">GND-118540238</subfield>
    <subfield code="C">400</subfield>
  </datafield>
  <datafield tag="GPN" ind1="1" ind2=" ">
    <subfield code="a">Hete, Johann-Vol&apos;fhanh</subfield>
    <subfield code="d">1749-1832</subfield>
    <subfield code="A">GND</subfield>
    <subfield code="B">GND-118540238</subfield>
    <subfield code="C">400</subfield>
  </datafield>
  <datafield tag="GPN" ind1="1" ind2=" ">
    <subfield code="a">H&#235;te, &#203;han Vol&apos;fhanh</subfield>
    <subfield code="d">1749-1832</subfield>
    <subfield code="A">GND</subfield>
    <subfield code="B">GND-118540238</subfield>
    <subfield code="C">400</subfield>
  </datafield>
  <datafield tag="GPN" ind1="1" ind2=" ">
    <subfield code="a">H&#235;te, &amp;Euml;han Vol&apos;fhanh</subfield>
    <subfield code="d">1749-1832</subfield>
    <subfield code="A">GND</subfield>
    <subfield code="B">GND-118540238</subfield>
    <subfield code="C">400</subfield>
  </datafield>
  <datafield tag="GPN" ind1="1" ind2=" ">
    <subfield code="a">H&#246;te, Iohann Volfqanq</subfield>
    <subfield code="d">1749-1832</subfield>
    <subfield code="A">GND</subfield>
    <subfield code="B">GND-118540238</subfield>
    <subfield code="C">400</subfield>
  </datafield>
  <datafield tag="GPN" ind1="0" ind2=" ">
    <subfield code="a">Yo han Bol peu gang pon Goe te</subfield>
    <subfield code="d">1749-1832</subfield>
    <subfield code="A">GND</subfield>
    <subfield code="B">GND-118540238</subfield>
    <subfield code="C">400</subfield>
  </datafield>
  <datafield tag="GPN" ind1="0" ind2=" ">
    <subfield code="a">Yohan-Bolpeugang-pon-Goete</subfield>
    <subfield code="d">1749-1832</subfield>
    <subfield code="A">GND</subfield>
    <subfield code="B">GND-118540238</subfield>
    <subfield code="C">400</subfield>
  </datafield>
  <datafield tag="GPN" ind1="0" ind2=" ">
    <subfield code="a">Yue han Wo fu gang Ge de</subfield>
    <subfield code="d">1749-1832</subfield>
    <subfield code="A">GND</subfield>
    <subfield code="B">GND-118540238</subfield>
    <subfield code="C">400</subfield>
  </datafield>
  <datafield tag="GPN" ind1="0" ind2=" ">
    <subfield code="a">Yuehan-Wofugang-Gede</subfield>
    <subfield code="d">1749-1832</subfield>
    <subfield code="A">GND</subfield>
    <subfield code="B">GND-118540238</subfield>
    <subfield code="C">400</subfield>
  </datafield>
  <datafield tag="GPN" ind1="1" ind2=" ">
    <subfield code="a">Gyote, Yohan Wolfgang</subfield>
    <subfield code="d">1749-1832</subfield>
    <subfield code="9">v:uigur.</subfield>
    <subfield code="A">GND</subfield>
    <subfield code="B">GND-118540238</subfield>
    <subfield code="C">400</subfield>
  </datafield>
  <datafield tag="GPN" ind1="1" ind2=" ">
    <subfield code="a">Goethe, Johann Wolfgang &lt;&lt;v.&gt;&gt;</subfield>
    <subfield code="d">1749-1832</subfield>
    <subfield code="A">GND</subfield>
    <subfield code="B">GND-118540238</subfield>
    <subfield code="C">400</subfield>
  </datafield>
  <datafield tag="GPN" ind1="1" ind2=" ">
    <subfield code="a">Goethe, Johann W. &lt;&lt;von&gt;&gt;</subfield>
    <subfield code="d">1749-1832</subfield>
    <subfield code="A">GND</subfield>
    <subfield code="B">GND-118540238</subfield>
    <subfield code="C">400</subfield>
  </datafield>
  <datafield tag="GPN" ind1="1" ind2=" ">
    <subfield code="a">Goethe, Johann W.</subfield>
    <subfield code="d">1749-1832</subfield>
    <subfield code="A">GND</subfield>
    <subfield code="B">GND-118540238</subfield>
    <subfield code="C">400</subfield>
  </datafield>
  <datafield tag="GPN" ind1="1" ind2=" ">
    <subfield code="a">Goethe, J. W. &lt;&lt;von&gt;&gt;</subfield>
    <subfield code="d">1749-1832</subfield>
    <subfield code="A">GND</subfield>
    <subfield code="B">GND-118540238</subfield>
    <subfield code="C">400</subfield>
  </datafield>
  <datafield tag="GPN" ind1="1" ind2=" ">
    <subfield code="a">Goethe, Wolfgang &lt;&lt;von&gt;&gt;</subfield>
    <subfield code="d">1749-1832</subfield>
    <subfield code="A">GND</subfield>
    <subfield code="B">GND-118540238</subfield>
    <subfield code="C">400</subfield>
  </datafield>
  <datafield tag="GPN" ind1="1" ind2=" ">
    <subfield code="a">Goethe, Wolfgang</subfield>
    <subfield code="d">1749-1832</subfield>
    <subfield code="A">GND</subfield>
    <subfield code="B">GND-118540238</subfield>
    <subfield code="C">400</subfield>
  </datafield>
  <datafield tag="GPN" ind1="1" ind2=" ">
    <subfield code="a">Gete, Johan Volfgang</subfield>
    <subfield code="d">1749-1832</subfield>
    <subfield code="A">GND</subfield>
    <subfield code="B">GND-118540238</subfield>
    <subfield code="C">400</subfield>
  </datafield>
  <datafield tag="GPN" ind1="1" ind2=" ">
    <subfield code="a">Gete, Iogann Vol&#697;fgang</subfield>
    <subfield code="d">1749-1832</subfield>
    <subfield code="A">GND</subfield>
    <subfield code="B">GND-118540238</subfield>
    <subfield code="C">400</subfield>
  </datafield>
  <datafield tag="GPN" ind1="1" ind2=" ">
    <subfield code="a">Gete, J.V.</subfield>
    <subfield code="d">1749-1832</subfield>
    <subfield code="A">GND</subfield>
    <subfield code="B">GND-118540238</subfield>
    <subfield code="C">400</subfield>
  </datafield>
  <datafield tag="GPN" ind1="1" ind2=" ">
    <subfield code="a">Goithios, I.V.</subfield>
    <subfield code="d">1749-1832</subfield>
    <subfield code="A">GND</subfield>
    <subfield code="B">GND-118540238</subfield>
    <subfield code="C">400</subfield>
  </datafield>
  <datafield tag="GPN" ind1="1" ind2=" ">
    <subfield code="a">G&#275;te, Yohan Vorufugangu Fon</subfield>
    <subfield code="d">1749-1832</subfield>
    <subfield code="A">GND</subfield>
    <subfield code="B">GND-118540238</subfield>
    <subfield code="C">400</subfield>
  </datafield>
  <datafield tag="GPN" ind1="1" ind2=" ">
    <subfield code="a">&#288;&#363;tih, Y&#363;h&#257;n F&#363;lf&#289;&#257;n&#289; f&#363;n</subfield>
    <subfield code="d">1749-1832</subfield>
    <subfield code="A">GND</subfield>
    <subfield code="B">GND-118540238</subfield>
    <subfield code="C">400</subfield>
  </datafield>
  <datafield tag="GPN" ind1="0" ind2=" ">
    <subfield code="a">Goythe</subfield>
    <subfield code="d">1749-1832</subfield>
    <subfield code="A">GND</subfield>
    <subfield code="B">GND-118540238</subfield>
    <subfield code="C">400</subfield>
  </datafield>
  <datafield tag="GPN" ind1="1" ind2=" ">
    <subfield code="a">Goethe, J.W. &lt;&lt;von&gt;&gt;</subfield>
    <subfield code="d">1749-1832</subfield>
    <subfield code="A">GND</subfield>
    <subfield code="B">GND-118540238</subfield>
    <subfield code="C">400</subfield>
  </datafield>
  <datafield tag="GPN" ind1="1" ind2=" ">
    <subfield code="a">Goethe, J.W.</subfield>
    <subfield code="d">1749-1832</subfield>
    <subfield code="A">GND</subfield>
    <subfield code="B">GND-118540238</subfield>
    <subfield code="C">400</subfield>
  </datafield>
  <datafield tag="GPN" ind1="1" ind2=" ">
    <subfield code="9">U:Cyrl</subfield>
    <subfield code="9">L:uzb</subfield>
    <subfield code="a">&#1043;&#1105;&#1090;&#1077;, &#1049;&#1086;&#1203;&#1072;&#1085;&#1085; &#1042;&#1086;&#1083;&#1092;&#1075;&#1072;&#1085;&#1075;</subfield>
    <subfield code="d">1749-1832</subfield>
    <subfield code="A">GND</subfield>
    <subfield code="B">GND-118540238</subfield>
    <subfield code="C">400</subfield>
  </datafield>
  <datafield tag="GPN" ind1="0" ind2=" ">
    <subfield code="9">U:Hans</subfield>
    <subfield code="a">&#27468;&#24503;</subfield>
    <subfield code="d">1749-1832</subfield>
    <subfield code="5">DE-576</subfield>
    <subfield code="A">GND</subfield>
    <subfield code="B">GND-118540238</subfield>
    <subfield code="C">400</subfield>
  </datafield>
  <datafield tag="GPN" ind1="0" ind2=" ">
    <subfield code="9">U:Hant</subfield>
    <subfield code="a">&#32004;&#32752;&#12539;&#27779;&#29246;&#22827;&#23713;&#12539;&#39342;&#12539;&#27468;&#24503;</subfield>
    <subfield code="d">1749-1832</subfield>
    <subfield code="5">DE-576</subfield>
    <subfield code="A">GND</subfield>
    <subfield code="B">GND-118540238</subfield>
    <subfield code="C">400</subfield>
  </datafield>
  <datafield tag="GPN" ind1="0" ind2=" ">
    <subfield code="9">U:Hans</subfield>
    <subfield code="a">&#32422;&#32752;&#12539;&#27779;&#23572;&#22827;&#20872;&#12539;&#20911;&#12539;&#27468;&#24503;</subfield>
    <subfield code="d">1749-1832</subfield>
    <subfield code="5">DE-576</subfield>
    <subfield code="A">GND</subfield>
    <subfield code="B">GND-118540238</subfield>
    <subfield code="C">400</subfield>
  </datafield>
  <datafield tag="GPN" ind1="1" ind2=" ">
    <subfield code="9">U:Jpan</subfield>
    <subfield code="a">&#12466;&#12540;&#12486;, &#12520;&#12495;&#12531;&#12539;&#12532;&#12457;&#12523;&#12501;&#12460;&#12531;&#12464;&#12539;&#12501;&#12457;&#12531;</subfield>
    <subfield code="d">1749-1832</subfield>
    <subfield code="5">DE-576</subfield>
    <subfield code="A">GND</subfield>
    <subfield code="B">GND-118540238</subfield>
    <subfield code="C">400</subfield>
  </datafield>
  <datafield tag="GPN" ind1="1" ind2=" ">
    <subfield code="9">U:Hebr</subfield>
    <subfield code="a">&#1490;&#1514;&#1492;, &#1497;&#1493;&#1492;&#1503; &#1493;&#1493;&#1500;&#1508;&#1490;&#1504;&#1490; &#1508;&#1493;&#1503;</subfield>
    <subfield code="d">1749-1832</subfield>
    <subfield code="A">GND</subfield>
    <subfield code="B">GND-118540238</subfield>
    <subfield code="C">400</subfield>
  </datafield>
  <datafield tag="GPN" ind1="0" ind2=" ">
    <subfield code="9">U:Hans</subfield>
    <subfield code="a">&#27468;&#24503;</subfield>
    <subfield code="d">1749-1832</subfield>
    <subfield code="A">GND</subfield>
    <subfield code="B">GND-118540238</subfield>
    <subfield code="C">400</subfield>
  </datafield>
  <datafield tag="GPN" ind1="1" ind2=" ">
    <subfield code="9">U:Jpan</subfield>
    <subfield code="a">&#12466;&#12540;&#12486;, &#12520;&#12495;&#12531;&#12539;&#12532;&#12457;&#12523;&#12501;&#12460;&#12531;&#12464;&#12539;&#12501;&#12457;&#12531;</subfield>
    <subfield code="d">1749-1832</subfield>
    <subfield code="A">GND</subfield>
    <subfield code="B">GND-118540238</subfield>
    <subfield code="C">400</subfield>
  </datafield>
  <datafield tag="GPN" ind1="1" ind2=" ">
    <subfield code="9">U:Geor</subfield>
    <subfield code="a">&#4306;&#4317;&#4308;&#4311;&#4308;, &#4312;&#4317;&#4336;&#4304;&#4316; &#4309;&#4317;&#4314;&#4324;&#4306;&#4304;&#4316;&#4306; &#4324;&#4317;&#4316;</subfield>
    <subfield code="d">1749-1832</subfield>
    <subfield code="A">GND</subfield>
    <subfield code="B">GND-118540238</subfield>
    <subfield code="C">400</subfield>
  </datafield>
  <datafield tag="GSI" ind1="7" ind2=" ">
    <subfield code="a">118540238</subfield>
    <subfield code="0">http://d-nb.info/gnd/118540238</subfield>
    <subfield code="2">gnd</subfield>
    <subfield code="A">GND</subfield>
    <subfield code="B">GND-118540238</subfield>
    <subfield code="C">024</subfield>
  </datafield>
  <datafield tag="GSI" ind1="7" ind2=" ">
    <subfield code="a">0000 0001 2099 9104</subfield>
    <subfield code="2">isni</subfield>
    <subfield code="A">GND</subfield>
    <subfield code="B">GND-118540238</subfield>
    <subfield code="C">024</subfield>
  </datafield>
  <datafield tag="GSI" ind1="7" ind2=" ">
    <subfield code="a">Q5879</subfield>
    <subfield code="2">wikidata</subfield>
    <subfield code="A">GND</subfield>
    <subfield code="B">GND-118540238</subfield>
    <subfield code="C">024</subfield>
  </datafield>
  <datafield tag="GPN" ind1="1" ind2=" ">
    <subfield code="a">Goethe, Johann Wolfgang &lt;&lt;von&gt;&gt;</subfield>
    <subfield code="d">1749-1832</subfield>
    <subfield code="t">Faust et le second Faust</subfield>
    <subfield code="A">GND</subfield>
    <subfield code="B">GND-041281403</subfield>
    <subfield code="C">400</subfield>
  </datafield>
  <datafield tag="GPN" ind1="1" ind2=" ">
    <subfield code="a">Goethe, Johann Wolfgang &lt;&lt;von&gt;&gt;</subfield>
    <subfield code="d">1749-1832</subfield>
    <subfield code="t">Fausti</subfield>
    <subfield code="9">v:alb</subfield>
    <subfield code="A">GND</subfield>
    <subfield code="B">GND-041281403</subfield>
    <subfield code="C">400</subfield>
  </datafield>
  <datafield tag="GSI" ind1="7" ind2=" ">
    <subfield code="a">4128140-8</subfield>
    <subfield code="0">http://d-nb.info/gnd/4128140-8</subfield>
    <subfield code="2">gnd</subfield>
    <subfield code="A">GND</subfield>
    <subfield code="B">GND-041281403</subfield>
    <subfield code="C">024</subfield>
  </datafield>
  <datafield tag="GSI" ind1="7" ind2=" ">
    <subfield code="a">11434275X</subfield>
    <subfield code="0">http://d-nb.info/gnd/11434275X</subfield>
    <subfield code="2">gnd</subfield>
    <subfield code="A">GND</subfield>
    <subfield code="B">GND-11434275X</subfield>
    <subfield code="C">024</subfield>
  </datafield>
  <datafield tag="GSI" ind1="7" ind2=" ">
    <subfield code="a">http://d-nb.info/gnd/121233332</subfield>
    <subfield code="2">uri</subfield>
    <subfield code="A">GND</subfield>
    <subfield code="B">GND-121233332</subfield>
    <subfield code="C">024</subfield>
  </datafield>
  <datafield tag="GSI" ind1="7" ind2=" ">
    <subfield code="a">http://d-nb.info/gnd/122471849</subfield>
    <subfield code="2">uri</subfield>
    <subfield code="A">GND</subfield>
    <subfield code="B">GND-122471849</subfield>
    <subfield code="C">024</subfield>
  </datafield>
  <datafield tag="GPN" ind1="1" ind2=" ">
    <subfield code="a">Oest, Adam</subfield>
    <subfield code="d">1946-2019</subfield>
    <subfield code="A">GND</subfield>
    <subfield code="B">GND-141700432</subfield>
    <subfield code="C">400</subfield>
  </datafield>
  <datafield tag="GSI" ind1="7" ind2=" ">
    <subfield code="a">http://d-nb.info/gnd/141700432</subfield>
    <subfield code="2">uri</subfield>
    <subfield code="A">GND</subfield>
    <subfield code="B">GND-141700432</subfield>
    <subfield code="C">024</subfield>
  </datafield>
  <datafield tag="GPN" ind1="1" ind2=" ">
    <subfield code="a">Bu&#776;hler, Robert Hunger-</subfield>
    <subfield code="d">1953-</subfield>
    <subfield code="A">GND</subfield>
    <subfield code="B">GND-123282675</subfield>
    <subfield code="C">400</subfield>
  </datafield>
  <datafield tag="GPN" ind1="1" ind2=" ">
    <subfield code="a">Bu&#776;hler, Robert H.</subfield>
    <subfield code="d">1953-</subfield>
    <subfield code="A">GND</subfield>
    <subfield code="B">GND-123282675</subfield>
    <subfield code="C">400</subfield>
  </datafield>
  <datafield tag="GSI" ind1="7" ind2=" ">
    <subfield code="a">123282675</subfield>
    <subfield code="0">http://d-nb.info/gnd/123282675</subfield>
    <subfield code="2">gnd</subfield>
    <subfield code="A">GND</subfield>
    <subfield code="B">GND-123282675</subfield>
    <subfield code="C">024</subfield>
  </datafield>
  <datafield tag="GSI" ind1="7" ind2=" ">
    <subfield code="a">http://d-nb.info/gnd/124245765</subfield>
    <subfield code="2">uri</subfield>
    <subfield code="A">GND</subfield>
    <subfield code="B">GND-124245765</subfield>
    <subfield code="C">024</subfield>
  </datafield>
  <datafield tag="GSI" ind1="7" ind2=" ">
    <subfield code="a">122265939</subfield>
    <subfield code="0">http://d-nb.info/gnd/122265939</subfield>
    <subfield code="2">gnd</subfield>
    <subfield code="A">GND</subfield>
    <subfield code="B">GND-122265939</subfield>
    <subfield code="C">024</subfield>
  </datafield>
  <datafield tag="GPN" ind1="1" ind2=" ">
    <subfield code="9">U:Grek</subfield>
    <subfield code="a">&#931;&#964;&#940;&#953;&#957;, &#928;&#941;&#964;&#949;&#961;</subfield>
    <subfield code="d">1937-</subfield>
    <subfield code="A">GND</subfield>
    <subfield code="B">GND-11861729X</subfield>
    <subfield code="C">400</subfield>
  </datafield>
  <datafield tag="GPN" ind1="1" ind2=" ">
    <subfield code="9">U:Cyrl</subfield>
    <subfield code="a">&#1064;&#1090;&#1072;&#1081;&#1085;, &#1055;&#1077;&#1090;&#1077;&#1088;</subfield>
    <subfield code="d">1937-</subfield>
    <subfield code="A">GND</subfield>
    <subfield code="B">GND-11861729X</subfield>
    <subfield code="C">400</subfield>
  </datafield>
  <datafield tag="GSI" ind1="7" ind2=" ">
    <subfield code="a">11861729X</subfield>
    <subfield code="0">http://d-nb.info/gnd/11861729X</subfield>
    <subfield code="2">gnd</subfield>
    <subfield code="A">GND</subfield>
    <subfield code="B">GND-11861729X</subfield>
    <subfield code="C">024</subfield>
  </datafield>
  <datafield tag="GSI" ind1="7" ind2=" ">
    <subfield code="a">500336330</subfield>
    <subfield code="2">gettyulan</subfield>
    <subfield code="A">GND</subfield>
    <subfield code="B">GND-11861729X</subfield>
    <subfield code="C">024</subfield>
  </datafield>
  <datafield tag="GSI" ind1="7" ind2=" ">
    <subfield code="a">0000 0001 0905 6965</subfield>
    <subfield code="2">isni</subfield>
    <subfield code="A">GND</subfield>
    <subfield code="B">GND-11861729X</subfield>
    <subfield code="C">024</subfield>
  </datafield>
  <datafield tag="GSI" ind1="7" ind2=" ">
    <subfield code="a">n81031972</subfield>
    <subfield code="2">lccn</subfield>
    <subfield code="A">GND</subfield>
    <subfield code="B">GND-11861729X</subfield>
    <subfield code="C">024</subfield>
  </datafield>
  <datafield tag="GSI" ind1="7" ind2=" ">
    <subfield code="a">59157362</subfield>
    <subfield code="2">viaf</subfield>
    <subfield code="A">GND</subfield>
    <subfield code="B">GND-11861729X</subfield>
    <subfield code="C">024</subfield>
  </datafield>
  <datafield tag="GSI" ind1="7" ind2=" ">
    <subfield code="a">Q64421</subfield>
    <subfield code="2">wikidata</subfield>
    <subfield code="A">GND</subfield>
    <subfield code="B">GND-11861729X</subfield>
    <subfield code="C">024</subfield>
  </datafield>
</record>